@inproceedings{viola2001rapid,
  title={Rapid object detection using a boosted cascade of simple features},
  author={Viola, Paul and Jones, Michael},
  booktitle={Computer Vision and Pattern Recognition, 2001. CVPR 2001. Proceedings of the 2001 IEEE Computer Society Conference on},
  volume={1},
  pages={I--511},
  year={2001},
  organization={IEEE}
}

@inproceedings{aubry2014seeing,
  title={Seeing 3D chairs: exemplar part-based 2D-3D alignment using a large dataset of CAD models},
  author={Aubry, Mathieu and Maturana, Daniel and Efros, Alexei A and Russell, Bryan C and Sivic, Josef},
  booktitle={Computer Vision and Pattern Recognition (CVPR), 2014 IEEE Conference on},
  pages={3762--3769},
  year={2014},
  organization={IEEE}
}